@Book{xie2015,
  title = {Dynamic Documents with {R} and knitr},
  author = {Yihui Xie},
  publisher = {Chapman and Hall/CRC},
  address = {Boca Raton, Florida},
  year = {2015},
  edition = {2nd},
  note = {ISBN 978-1498716963},
  url = {http://yihui.name/knitr/},
}

@Manual{,
  title = {R: A Language and Environment for Statistical
                  Computing},
  author = {{R Core Team}},
  organization = {R Foundation for Statistical Computing},
  address = {Vienna, Austria},
  year = 2018,
  url  = {https://www.R-project.org}
}

@Manual{,
  title = {R: Reference Index},
  author = {{R Core Team}},
  organization = {R Foundation for Statistical Computing},
  address      = {Vienna, Austria},
  year         = YEAR,
  url          = {https://cran.r-project.org/doc/manuals/r-release/fullrefman.pdf}
}

@Book{,
  title = {The Python 3 Standard Library by example},
  author = {Hellmann, Doug},
  publisher = {Addison-Wesley Professional;},
  address = {Boston, MA},
  year = 2017,
  note = {ISBN-10: 0134291050},
  URL = {https://www.amazon.com/Python-Standard-Library-Example-Developers-ebook/dp/B072QZZDV7}
}